<?xml version = "1.0" encoding = "UTF-8"?><OAI-PMH xmlns="http://www.openarchives.org/OAI/2.0/" xmlns:xsi="http://www.w3.org/2001/XMLSchema-instance" xsi:schemaLocation="http://www.openarchives.org/OAI/2.0/ http://www.openarchives.org/OAI/2.0/OAI-PMH.xsd"><ListRecords><record><header><identifier>aleph-publish:011409535</identifier></header><metadata><record xmlns="http://www.ddb.de/professionell/mabxml/mabxml-1.xsd"><leader>00570vM2.01200024------h</leader><controlfield tag="LDR">00570vM2.01200024------h</controlfield><controlfield tag="FMT">MH</controlfield><datafield tag="001" ind1="-" ind2="1"><subfield code="a">HT013082954</subfield></datafield><datafield tag="002" ind1="a" ind2="1"><subfield code="a">20010711</subfield></datafield><datafield tag="003" ind1="-" ind2="1"><subfield code="a">20200507</subfield></datafield><datafield tag="025" ind1="o" ind2="1"><subfield code="a">1068946480</subfield></datafield><datafield tag="026" ind1="-" ind2="1"><subfield code="a">HBZHT013082954</subfield></datafield><controlfield tag="030">a|1uc||||||37</controlfield><datafield tag="036" ind1="a" ind2="1"><subfield code="a">CSHH</subfield></datafield><datafield tag="037" ind1="b" ind2="1"><subfield code="a">lat</subfield></datafield><controlfield tag="050">a|||||||||||||</controlfield><controlfield tag="051">m|||||||</controlfield><datafield tag="070" ind1="-" ind2="1"><subfield code="a">6</subfield></datafield><datafield tag="070" ind1="b" ind2="1"><subfield code="a">38</subfield></datafield><datafield tag="080" ind1="-" ind2="1"><subfield code="a">60</subfield></datafield><datafield tag="100" ind1="b" ind2="1"><subfield code="p">Berka von Duba und Leipa, Zbynko</subfield><subfield code="d">1551-1606</subfield><subfield code="b">[Hrsg.]</subfield><subfield code="9">(DE-588)129303836</subfield></datafield><datafield tag="101" ind1="-" ind2="1"><subfield code="p">Duba und Leipa, Zbynko Berka &lt;&lt;von&gt;&gt;</subfield><subfield code="d">1551-1606</subfield></datafield><datafield tag="101" ind1="-" ind2="1"><subfield code="p">Zbynko</subfield><subfield code="c">Prag, Erzbischof</subfield><subfield code="d">1551-1606</subfield></datafield><datafield tag="101" ind1="-" ind2="1"><subfield code="p">Berka z Dubé a Lipé, Zbynek</subfield><subfield code="d">1551-1606</subfield></datafield><datafield tag="101" ind1="-" ind2="1"><subfield code="p">Berka z Dubé a Lipé, Zbyněk</subfield><subfield code="d">1551-1606</subfield></datafield><datafield tag="101" ind1="-" ind2="1"><subfield code="p">Berka z Dubé, Zbyněk</subfield><subfield code="d">1551-1606</subfield></datafield><datafield tag="101" ind1="-" ind2="1"><subfield code="p">Berca, Sbigneus</subfield><subfield code="d">1551-1606</subfield></datafield><datafield tag="101" ind1="-" ind2="1"><subfield code="p">Berka, Sbigneus</subfield><subfield code="d">1551-1606</subfield></datafield><datafield tag="200" ind1="b" ind2="1"><subfield code="g">Erzdiözese</subfield><subfield code="h">Prag</subfield><subfield code="9">(DE-588)121865-7</subfield></datafield><datafield tag="201" ind1="-" ind2="1"><subfield code="k">Erzdiözese</subfield><subfield code="h">Prag</subfield><subfield code="x">Synodus</subfield></datafield><datafield tag="201" ind1="-" ind2="1"><subfield code="k">Synodus Archidioecesana Pragensis</subfield></datafield><datafield tag="201" ind1="-" ind2="1"><subfield code="k">Erzdiözese</subfield><subfield code="h">Prag</subfield><subfield code="x">Metropolitankapitel</subfield><subfield code="h">Erzdiözese, Prag</subfield></datafield><datafield tag="201" ind1="-" ind2="1"><subfield code="k">Erzdiözese Metropolitankapitel</subfield><subfield code="h">Prag</subfield></datafield><datafield tag="201" ind1="-" ind2="1"><subfield code="k">Erzdiözese</subfield><subfield code="h">Prag</subfield><subfield code="x">Metropolitanum Capitulum</subfield></datafield><datafield tag="201" ind1="-" ind2="1"><subfield code="k">Erzdiözese Metropolitanum Capitulum</subfield><subfield code="h">Prag</subfield></datafield><datafield tag="201" ind1="-" ind2="1"><subfield code="k">Erzdiözese</subfield><subfield code="h">Prag</subfield><subfield code="x">S. F. Metropolitanum Capitulum</subfield></datafield><datafield tag="201" ind1="-" ind2="1"><subfield code="g">Archidioecesis Pragensis</subfield></datafield><datafield tag="201" ind1="-" ind2="1"><subfield code="g">Prager Erzdiözese</subfield></datafield><datafield tag="331" ind1="-" ind2="1"><subfield code="a">Synodus Archi-dioecesana Pragensis</subfield></datafield><datafield tag="359" ind1="-" ind2="1"><subfield code="a">Habita ab ... Domino Sbigneo Berka ... Archiepiscopo Pragensi &amp; Principe, Legato Nato &amp;c. Anno à Christi Nativitate. M. D. C. V. In Festo S. Wenceslai Principis, Martyris, Ac Patroni</subfield></datafield><datafield tag="410" ind1="-" ind2="1"><subfield code="a">Pragae</subfield></datafield><datafield tag="412" ind1="-" ind2="1"><subfield code="a">Typis Nigrinianis</subfield></datafield><datafield tag="425" ind1="a" ind2="1"><subfield code="a">1605</subfield></datafield><datafield tag="433" ind1="-" ind2="1"><subfield code="a">[5] Bl., 178 S., [14] Bl.</subfield></datafield><datafield tag="673" ind1="a" ind2="1"><subfield code="a">Prag</subfield><subfield code="9">(DE-588)4076310-9</subfield></datafield><datafield tag="677" ind1="-" ind2="1"><subfield code="k">Officina Typographica Nigriniana</subfield><subfield code="9">(DE-588)1075285399</subfield><subfield code="4">prt</subfield><subfield code="3">Drucker</subfield></datafield><datafield tag="902" ind1="-" ind2="1"><subfield code="g">Diözese Prag</subfield><subfield code="9">(DE-588)4047036-2</subfield></datafield><datafield tag="902" ind1="-" ind2="1"><subfield code="s">Diözesansynode</subfield><subfield code="9">(DE-588)4150013-1</subfield></datafield><datafield tag="902" ind1="-" ind2="1"><subfield code="z">Geschichte 1605</subfield></datafield><datafield tag="903" ind1="-" ind2="1"><subfield code="a">213</subfield></datafield><controlfield tag="SYS">011409535</controlfield><datafield tag="LOW" ind1="-" ind2="1"><subfield code="a">K0001</subfield></datafield><datafield tag="952" ind1="-" ind2="1"><subfield code="g">Prag</subfield><subfield code="h">Diözese</subfield></datafield><datafield tag="952" ind1="-" ind2="1"><subfield code="s">Diözesanforum</subfield></datafield><datafield tag="952" ind1="-" ind2="1"><subfield code="s">Pastorales Forum</subfield></datafield><datafield tag="952" ind1="-" ind2="1"><subfield code="s">Diözesansynoden</subfield></datafield><datafield tag="088" ind1=" " ind2=" "><subfield code="a">38</subfield><subfield code="b">00000001</subfield><subfield code="c">GBIV1085</subfield><subfield code="e">keine ILL</subfield></datafield><datafield tag="088" ind1=" " ind2=" "><subfield code="a">6</subfield><subfield code="c">RD 2987</subfield><subfield code="e">keine Angabe</subfield></datafield></record></metadata></record></ListRecords></OAI-PMH>